-------------
Client-Server
-------------

x
@article{Oluwatosin:2014:CS,
  author = {Oluwatosin, Haroon Shakirat},
  title = {Client-Server Model},
  journal = {IOSR Journal of Computer Engineering},
  volume = {16},
  month = feb,
  year = {2014},
  e-issn = {2278-0661},
  p-issn = {2278-8727},
  pages = {67--71},
  numpages = {5},
  url = {http://www.iosrjournals.org/iosr-jce/papers/Vol16-issue1/Version-9/J016195771.pdf},
} 

-------------
DoS - General
-------------

x
@manual{McDowell:DoS,
  title = {Understanding Denial-of-Service Attacks},
  organization = {McDowell, Mindi},
  note = {\url{https://www.us-cert.gov/ncas/tips/ST04-015}}
}

x
@PhdThesis{Bukac:2015:DoS,
  author = {BUKAČ, Vít},
  title = {Small scale denial of service attacks [online]},
  year = {2015},
  type = {Disertační práce}, 
  school = {Masarykova univerzita, Fakulta informatiky, Brno},
  supervisor = {Václav Matyáš}, 
  url = {http://is.muni.cz/th/172999/fi_d/},
} 

----
----
DDoS
----
----

x
@article{Zargar:2013:DDoS, 
  author = {Zargar, Saman Taghavi and Joshi, James and Tipper, David}, 
  journal = {IEEE Communications Surveys Tutorials}, 
  title = {A Survey of Defense Mechanisms Against Distributed Denial of Service (DDoS) Flooding Attacks}, 
  year = {2013}, 
  volume = {15}, 
  number = {4}, 
  pages = {2046-2069}, 
  doi = {10.1109/SURV.2013.031413.00127}, 
  ISSN = {1553-877X}, 
  month = apr,
  url = {http://d-scholarship.pitt.edu/19225/1/FinalVersion.pdf}
}

-----------------------
-----------------------
SEMANTICC & BRUTE_FORCE
-----------------------
-----------------------

x
@article{Mirkovic:2004:DoS,
  author = {Mirkovic, Jelena and Reiher, Peter},
  title = {A Taxonomy of DDoS Attack and DDoS Defense Mechanisms},
  journal = {SIGCOMM Comput. Commun. Rev.},
  issue_date = {April 2004},
  volume = {34},
  number = {2},
  month = apr,
  year = {2004},
  issn = {0146-4833},
  pages = {39--53},
  numpages = {15},
  url = {https://www.eecis.udel.edu/~sunshine/publications/ccr.pdf},
  doi = {10.1145/997150.997156},
  acmid = {997156},
  publisher = {ACM},
  address = {New York, NY, USA},
}

-----------
-----------
DoS - Tools
-----------
-----------

x
@misc{Dittrich:DoST,
  title = {The "stacheldraht" distributed denial of service attack tool},
  author = {Dittrich, David},
  howpublished = {\url{https://staff.washington.edu/dittrich/misc/stacheldraht.analysis}},
}

x
@article{BBC:2004:DoST,
  author = {BBC},
  title = {Mydoom virus starts to fizzle out},
  journal = {BBC News},
  month = feb,
  year = {2004},
  url = {http://news.bbc.co.uk/2/hi/technology/3459363.stm}
}

-------------
-------------
DoS - Service
-------------
-------------

x
@article{Leyden:2010:DoSaaS,
  author = {Leyden, John},
  title = {4chan launches DDoS against entertainment industry},
  journal = {The Register},
  month = sep,
  year = {2010},
  url = {http://www.theregister.co.uk/2010/09/20/4chan_ddos_mpaa_riaa/}
}

x
@article{Karami:2015:DoSaaS,
  author = {Karami, Mohammad and Park, Youngsam and McCoy, Damon},
  title = {Stress Testing the Booters: Understanding and Undermining the Business of DDoS Services},
  journal = {CoRR},
  volume = {abs/1508.03410},
  year = {2015},
  url = {http://arxiv.org/abs/1508.03410}
}

----------------
----------------
DoS - Reflection
----------------
----------------

x
@article{Paxson:2001:DoSR,
  author = {Paxson, Vern},
  title = {An Analysis of Using Reflectors for Distributed Denial-of-Service Attacks},
  journal = {SIGCOMM Comput. Commun. Rev.},
  volume = {31},
  month = jul,
  year = {2001},
  pages = {38--47},
  numpages = {10},
  url = {https://www.icir.org/vern/papers/reflectors.CCR.01.pdf},
} 

--------------------
--------------------
Layers - Application
--------------------
--------------------

x
@techreport{rfc1123,
  shorthand = {Bra23} ,
  author = {Braden, Robert},
  title = {Requirements for Internet Hosts - Application and Support},
  howpublished = {Internet Requests for Comments},
  type= {RFC},
  number = 1123,
  numpages = {98},
  year = {1989},
  month = oct,
  publisher = {RFC Editor},
  institution = {RFC Editor},
  url = {http://www.rfc-editor.org/rfc/rfc1123.txt}
}

---------
---------
---------
LA - HTTP
---------
---------
---------

x
@techreport{Berners:2010:HTTP,
  author = {Berners-Lee, Tim},
  title = {HyperText Transfer Protocol},
  institution = {The World Wide Web Consortium},
  year = {2010},
  month = aug,
  url = {https://www.w3.org/History/19921103-hypertext/hypertext/WWW/Protocols/HTTP.html}
}

x
@techreport{rfc2818,
  author = {Rescola, Eric},
  title = {HTTP Over TLS},
  howpublished = {Internet Requests for Comments},
  type= {RFC},
  number = 2818,
  numpages = {7},
  year = {2000},
  month = may,
  publisher = {RFC Editor},
  institution = {RFC Editor},
  url = {http://www.rfc-editor.org/rfc/rfc2818.txt}
}


------------------
------------------
Layers - Transport
------------------
------------------

x
+ Network Layer 
@techreport{rfc1122,
  shorthand = {Bra22} ,
  author = {Braden, Robert},
  title = {Requirements for Internet Hosts -- Communication Layers},
  howpublished = {Internet Requests for Comments},
  type= {RFC},
  number = 1122,
  numpages = {116},
  year = {1989},
  month = oct,
  publisher = {RFC Editor},
  institution = {RFC Editor},
  url = {http://www.rfc-editor.org/rfc/rfc1122.txt}
}

x
+ Existing - TCP
@misc{FIDIS:TCP,
  shorthand = {FID},
  title = {Transport layer protocols},
  author = {Future of Identity in the Information Society - FIDIS},
  howpublished = {\url{http://www.fidis.net/resources/fidis-deliverables/hightechid/int-d37003/doc/10/}},
}

----------------
----------------
Layers - Network
----------------
----------------

x
@techreport{rfc791,
  author = {University of Southern California},
  title = {Internet Protocol Specification},
  howpublished = {Internet Requests for Comments},
  type = {RFC},
  number = 791,
  numpages = {45},
  month = sep,
  publisher = {RFC Editor},
  institution = {RFC Editor},
  url = {http://www.rfc-editor.org/rfc/rfc791.txt}
}

x
@techreport{rfc1752,
  author = {Brander, Sebastian and Mankin, Allison},
  title = {The Recommendation for the IP Next Generation Protocol},
  howpublished = {Internet Requests for Comments},
  type = {RFC},
  number = 1752,
  numpages = {52},
  year = {1995},
  month = jan,
  publisher = {RFC Editor},
  institution = {RFC Editor},
  url = {http://www.rfc-editor.org/rfc/rfc1752.txt}
}


--------------
--------------
UFoo - Jaccard
--------------
--------------

x
@book{Zezula:2006:SS,
   shorthand = {Zez06},
   author = {Zezula, Pavel and Amato, Giuseppe and Dohnal, Vlastislav and Batko, Michal},
   year = {2006},
   isbn = {0-38729-151-2},
   publisher = {Springer},
   title = {Similarity Search: The Metric Space Approach}
}

x
@article{Kosub:2016:SS,
  author = {Kosub, Sven},
  title = {A note on the triangle inequality for the Jaccard distance},
  journal = {CoRR},
  volume = {abs/1612.02696},
  year = {2016},
  url = {http://arxiv.org/abs/1612.02696}
}

x
Pre obrazok
@inproceedings{Zitnick:2014:SS,
  author = {Zitnick, Larry and Dollar, Piotr},
  title = {Edge Boxes: Locating Object Proposals from Edges},
  booktitle = {ECCV},
  year = {2014},
  month = sep,
  publisher = {European Conference on Computer Vision},
  url = {https://www.microsoft.com/en-us/research/publication/edge-boxes-locating-object-proposals-from-edges},
}

----------
----------
UFoo - AOP
----------
----------

x
@book{Laddad:2009:AOP,
  author = {Laddad, Ramnivas},
  title = {AspectJ in Action: Enterprise AOP with Spring Applications},
  year = {2009},
  isbn = {1933988053, 9781933988054},
  edition = {2nd},
  publisher = {Manning Publications Co.},
  address = {Greenwich, CT, USA},
} 

x
@inbook{Kiczales:1997:AOP,
  shorthand = {Kic97} ,
  author = {Kiczales, Gregor and Lamping, John and Mendhekar, Anurag and Maeda, Chris and Lopes, Cristina and Loingtier, Jean-Marc and Irwin, John},
  title = {Aspect-oriented programming},
  year = {1997},
  publisher = {Springer Berlin Heidelberg},
  pages = {220--242},
  isbn = {978-3-540-69127-3},
  doi = {10.1007/BFb0053381},
  url = {http://dx.doi.org/10.1007/BFb0053381},
}

-------------------
-------------------
-------------------
Existing - IP - NAT
-------------------
-------------------
-------------------

x
@misc{Huston:NAT,
  title = {Anatomy: A Look Inside Network Address Translators},
  author = {Huston, Geoff},
  howpublished = {\url{http://www.cisco.com/c/en/us/about/press/internet-protocol-journal/back-issues/table-contents-29/anatomy.html}},
}

----------------------
----------------------
Existing - Application
----------------------
----------------------

x
@inbook{Todorov:2007:EX,
  author = {Todorov, Dobromir},
  title = {Mechanics of User Identification and Authentication},
  year = {2007},
  publisher = {Auerbach Publications},
  chapter = {1},
  isbn = {978-1-420-05220-6},
  url = {http://www.infosectoday.com/Articles/AU5219_C01.pdf},
}